<?xml version="1.0" encoding="UTF-8"?><collection xmlns="http://www.loc.gov/MARC21/slim"><record><leader>00526nam--2200169-i-4500</leader><controlfield tag="001">000011238</controlfield><controlfield tag="002">20161230</controlfield><controlfield tag="005">20170129004326</controlfield><controlfield tag="008">060222s1000------------r-----000-0-eng-d</controlfield><datafield ind1=" " ind2=" " tag="080"><subfield code="a">621.039.516.22(O47.L)</subfield></datafield><datafield ind1=" " ind2=" " tag="100"><subfield code="a">Goroncek, K</subfield></datafield><datafield ind1=" " ind2=" " tag="245"><subfield code="a">Abbrandbestummung und differenzierung der spaltungsanteile von uran-thorium- brennstoffen mittels stabiller spaltprodukte</subfield></datafield><datafield ind1=" " ind2=" " tag="260"><subfield code="a">Seibersdorf</subfield><subfield code="b">Forschungszentrum Seibersdorf</subfield><subfield code="c">1975</subfield></datafield><datafield ind1=" " ind2=" " tag="300"><subfield code="a">9 p.+8 tab</subfield></datafield><datafield ind1=" " ind2=" " tag="490"><subfield code="a">2425</subfield></datafield><datafield ind1=" " ind2=" " tag="852"><subfield code="a">19632</subfield></datafield><datafield ind1=" " ind2=" " tag="CAT"><subfield code="a">SYS</subfield><subfield code="c">20170129</subfield><subfield code="h">004326</subfield></datafield></record></collection>